<?xml version="1.0" encoding="utf-8"?>
<record xmlns="http://www.loc.gov/MARC21/slim" xmlns:xsi="http://www.w3.org/2001/XMLSchema-instance" xsi:schemaLocation="http://www.loc.gov/MARC21/slim http://www.loc.gov/standards/marcxml/schema/MARC21slim.xsd">
	<leader>     nam a22     Mi 4500</leader>
	<controlfield tag="001">3169738</controlfield>
	<controlfield tag="003">NNC</controlfield>
	<controlfield tag="006">m        d        </controlfield>
	<controlfield tag="007">cr cn |||m|||a</controlfield>
	<controlfield tag="008">190509s1901    ua      o     000 0 ara d</controlfield>
	<datafield ind1=" " ind2=" " tag="040">
		<subfield code="a">ZYU</subfield>
		<subfield code="b">ara</subfield>
		<subfield code="e">rda</subfield>
		<subfield code="c">ZYU</subfield>
	</datafield>
	<datafield ind1="0" ind2="3" tag="245">
		<subfield code="6">880-01</subfield>
		<subfield code="a">al-Muʻallaqāt al-sabʻ :</subfield>
		<subfield code="b">maʻa dhikr riwāyātihā wa-ansāb qāʼilihā /</subfield>
		<subfield code="c">iʻtaná bi-taṣḥīḥihā wa-qirāʼatihā ʻalá Muḥammad Maḥmūd ibn al-Talāmīd al-Tarkazī al-Shinqīṭī wa-Aḥmad ʻUmar al-Maḥmaṣānī al-Azharī. Wa-yalīhā Lāmiyat al-ʻArab / li-Shanfará.</subfield>
	</datafield>
	<datafield ind1=" " ind2=" " tag="260">
		<subfield code="6">880-02</subfield>
		<subfield code="a">Miṣr :</subfield>
		<subfield code="b">Maṭbaʻat ʼal-Mawsūʻāt,</subfield>
		<subfield code="c">1319 [1901]</subfield>
	</datafield>
	<datafield ind1=" " ind2=" " tag="300">
		<subfield code="a">online resource (50 pages)</subfield>
	</datafield>
	<datafield ind1=" " ind2=" " tag="336">
		<subfield code="a">text</subfield>
		<subfield code="2">rdacontent</subfield>
	</datafield>
	<datafield ind1=" " ind2=" " tag="337">
		<subfield code="a">computer</subfield>
		<subfield code="2">rdamedia</subfield>
	</datafield>
	<datafield ind1=" " ind2=" " tag="338">
		<subfield code="a">online resource</subfield>
		<subfield code="2">rdacarrier</subfield>
	</datafield>
	<datafield ind1=" " ind2=" " tag="500">
		<subfield code="a">Part of the Arabic Collections Online (ACO) project, contributed by Columbia University Libraries.</subfield>
	</datafield>
	<datafield ind1="0" ind2=" " tag="505">
		<subfield code="a">1. li-ʼImriʼ ʼal-Qays ibn Ḥujr; 2. li-Ṭarafah ibn ʼal-ʻAbd ʼal-Bakrī; 3. li-Zuhayr ibn ʼAbī Sulmá ʼal-Mazanī; 4. li-Labīd ibn ʼAbī Rabīʻah ʼal-ʻĀmirī; 5. li-ʻAmṙ ibn Kult︠h︡ūm; 6. li-ʻAntarah ibn S︠h︡addād ʼal-ʻAbsī; 7. li-Ḥārit︠h︡ ibn Ḥillazah ʼal-Yas︠h︡kurī.</subfield>
	</datafield>
	<datafield ind1=" " ind2=" " tag="533">
		<subfield code="a">Electronic reproduction.</subfield>
		<subfield code="b">New York, N.Y. :</subfield>
		<subfield code="c">New York University,</subfield>
		<subfield code="d">2019.</subfield>
		<subfield code="5">NNU</subfield>
	</datafield>
	<datafield ind1="1" ind2=" " tag="700">
		<subfield code="6">880-03</subfield>
		<subfield code="a">Shinqīṭī, Muḥammad Maḥmūd ibn al-Talāmīd.</subfield>
	</datafield>
	<datafield ind1="1" ind2=" " tag="700">
		<subfield code="6">880-04</subfield>
		<subfield code="a">Maḥmaṣānī, Aḥmad ʻUmar. </subfield>
	</datafield>
	<datafield ind1="0" ind2=" " tag="700">
		<subfield code="6">880-05</subfield>
		<subfield code="a">Shanfará.</subfield>
		<subfield code="t">Lāmīyat al-ʻArab</subfield>
	</datafield>
	<datafield ind1="2" ind2=" " tag="710">
		<subfield code="a">Columbia University.</subfield>
		<subfield code="b">Libraries.</subfield>
	</datafield>
	<datafield ind1="0" ind2=" " tag="730">
		<subfield code="a">Arabic Collections Online.</subfield>
	</datafield>
	<datafield ind1="0" ind2="8" tag="776">
		<subfield code="i">Print version:</subfield>
		<subfield code="t">al-Muʻallaqāt al-sabʻ</subfield>
		<subfield code="w">(NNC)3169738</subfield>
		<subfield code="w">(OCoLC)40577476</subfield>
	</datafield>
	<datafield ind1="4" ind2="0" tag="856">
		<subfield code="u">http://hdl.handle.net/2333.1/mgqnkjqp</subfield>
	</datafield>
	<datafield ind1="0" ind2="2" tag="880">
		<subfield code="6">245-01</subfield>
		<subfield code="a">المعلقات السبع :</subfield>
		<subfield code="b">مع ذكر رواياتها وانساب قائليها /</subfield>
		<subfield code="c">اعتنى بتصحيحها وقرائتها على محمد محمود بن التلاميد التركزي الشنقيطي وحمد عمر المحمصاني الازهري. ويليها لامية العرب / للشنفرى.</subfield>
	</datafield>
	<datafield ind1=" " ind2=" " tag="880">
		<subfield code="6">260-02</subfield>
		<subfield code="a">مصر :</subfield>
		<subfield code="b">مطبعة الموسوعات،</subfield>
		<subfield code="c">1319 [1901]</subfield>
	</datafield>
	<datafield ind1="1" ind2=" " tag="880">
		<subfield code="6">700-03</subfield>
		<subfield code="a">شنقيطي، محمد محمود بن التلاميد.</subfield>
	</datafield>
	<datafield ind1="1" ind2=" " tag="880">
		<subfield code="6">700-04</subfield>
		<subfield code="a">محمصاني، احمد عمر. </subfield>
	</datafield>
	<datafield ind1="0" ind2=" " tag="880">
		<subfield code="6">700-05</subfield>
		<subfield code="a">شنفرى.</subfield>
		<subfield code="t">لامية العرب</subfield>
	</datafield>
	<datafield ind1=" " ind2=" " tag="959">
		<subfield code="a">NNU</subfield>
		<subfield code="b">WEB</subfield>
		<subfield code="c">GENI</subfield>
		<subfield code="t">0</subfield>
		<subfield code="m">Electronic access</subfield>
		<subfield code="s">01</subfield>
	</datafield>
	<datafield ind1=" " ind2=" " tag="999">
		<subfield code="i">NNC_3169738</subfield>
		<subfield code="o">(OCoLC)ocm40577476</subfield>
		<subfield code="s">columbia_aco003807</subfield>
		<subfield code="e">(ERROR-880)(ERROR-MISC)</subfield>
		<subfield code="s">columbia_aco003807</subfield>
	</datafield>
</record>
